%YAML 1.1
%TAG !u! tag:unity3d.com,2011:
--- !u!1 &9014476618101517036
GameObject:
  m_ObjectHideFlags: 0
  m_CorrespondingSourceObject: {fileID: 0}
  m_PrefabInstance: {fileID: 0}
  m_PrefabAsset: {fileID: 0}
  serializedVersion: 6
  m_Component:
  - component: {fileID: 9014476618101517037}
  - component: {fileID: 9014476618101517038}
  m_Layer: 0
  m_Name: UIManager
  m_TagString: Untagged
  m_Icon: {fileID: 0}
  m_NavMeshLayer: 0
  m_StaticEditorFlags: 0
  m_IsActive: 1
--- !u!4 &9014476618101517037
Transform:
  m_ObjectHideFlags: 0
  m_CorrespondingSourceObject: {fileID: 0}
  m_PrefabInstance: {fileID: 0}
  m_PrefabAsset: {fileID: 0}
  m_GameObject: {fileID: 9014476618101517036}
  m_LocalRotation: {x: 0, y: 0, z: 0, w: 1}
  m_LocalPosition: {x: 0, y: 0, z: 0}
  m_LocalScale: {x: 1, y: 1, z: 1}
  m_Children:
  - {fileID: 9014476619009846472}
  - {fileID: 9014476618490203755}
  - {fileID: 1051933310}
  - {fileID: 207784204}
  - {fileID: 1066736094}
  - {fileID: 6830007363531196104}
  - {fileID: 5367259784550151471}
  m_Father: {fileID: 0}
  m_RootOrder: 0
  m_LocalEulerAnglesHint: {x: 0, y: 0, z: 0}
--- !u!114 &9014476618101517038
MonoBehaviour:
  m_ObjectHideFlags: 0
  m_CorrespondingSourceObject: {fileID: 0}
  m_PrefabInstance: {fileID: 0}
  m_PrefabAsset: {fileID: 0}
  m_GameObject: {fileID: 9014476618101517036}
  m_Enabled: 1
  m_EditorHideFlags: 0
  m_Script: {fileID: 11500000, guid: a983dc5bf68644751825a7a9182d0a75, type: 3}
  m_Name: 
  m_EditorClassIdentifier: 
  currentScreen: 0
--- !u!1001 &501616681159201609
PrefabInstance:
  m_ObjectHideFlags: 0
  serializedVersion: 2
  m_Modification:
    m_TransformParent: {fileID: 9014476618101517037}
    m_Modifications:
    - target: {fileID: 5515308521299535457, guid: 8239595d9a9134f79ad62b42abfb81a5,
        type: 3}
      propertyPath: m_Name
      value: PrivacyScreen
      objectReference: {fileID: 0}
    - target: {fileID: 5515308521299535462, guid: 8239595d9a9134f79ad62b42abfb81a5,
        type: 3}
      propertyPath: m_LocalPosition.x
      value: 0
      objectReference: {fileID: 0}
    - target: {fileID: 5515308521299535462, guid: 8239595d9a9134f79ad62b42abfb81a5,
        type: 3}
      propertyPath: m_LocalPosition.y
      value: 0
      objectReference: {fileID: 0}
    - target: {fileID: 5515308521299535462, guid: 8239595d9a9134f79ad62b42abfb81a5,
        type: 3}
      propertyPath: m_LocalPosition.z
      value: 0
      objectReference: {fileID: 0}
    - target: {fileID: 5515308521299535462, guid: 8239595d9a9134f79ad62b42abfb81a5,
        type: 3}
      propertyPath: m_LocalRotation.x
      value: 0
      objectReference: {fileID: 0}
    - target: {fileID: 5515308521299535462, guid: 8239595d9a9134f79ad62b42abfb81a5,
        type: 3}
      propertyPath: m_LocalRotation.y
      value: 0
      objectReference: {fileID: 0}
    - target: {fileID: 5515308521299535462, guid: 8239595d9a9134f79ad62b42abfb81a5,
        type: 3}
      propertyPath: m_LocalRotation.z
      value: 0
      objectReference: {fileID: 0}
    - target: {fileID: 5515308521299535462, guid: 8239595d9a9134f79ad62b42abfb81a5,
        type: 3}
      propertyPath: m_LocalRotation.w
      value: 1
      objectReference: {fileID: 0}
    - target: {fileID: 5515308521299535462, guid: 8239595d9a9134f79ad62b42abfb81a5,
        type: 3}
      propertyPath: m_RootOrder
      value: 6
      objectReference: {fileID: 0}
    - target: {fileID: 5515308521299535462, guid: 8239595d9a9134f79ad62b42abfb81a5,
        type: 3}
      propertyPath: m_LocalEulerAnglesHint.x
      value: 0
      objectReference: {fileID: 0}
    - target: {fileID: 5515308521299535462, guid: 8239595d9a9134f79ad62b42abfb81a5,
        type: 3}
      propertyPath: m_LocalEulerAnglesHint.y
      value: 0
      objectReference: {fileID: 0}
    - target: {fileID: 5515308521299535462, guid: 8239595d9a9134f79ad62b42abfb81a5,
        type: 3}
      propertyPath: m_LocalEulerAnglesHint.z
      value: 0
      objectReference: {fileID: 0}
    - target: {fileID: 5515308521299535462, guid: 8239595d9a9134f79ad62b42abfb81a5,
        type: 3}
      propertyPath: m_AnchoredPosition.x
      value: 0
      objectReference: {fileID: 0}
    - target: {fileID: 5515308521299535462, guid: 8239595d9a9134f79ad62b42abfb81a5,
        type: 3}
      propertyPath: m_AnchoredPosition.y
      value: 0
      objectReference: {fileID: 0}
    - target: {fileID: 5515308521299535462, guid: 8239595d9a9134f79ad62b42abfb81a5,
        type: 3}
      propertyPath: m_SizeDelta.x
      value: 0
      objectReference: {fileID: 0}
    - target: {fileID: 5515308521299535462, guid: 8239595d9a9134f79ad62b42abfb81a5,
        type: 3}
      propertyPath: m_SizeDelta.y
      value: 0
      objectReference: {fileID: 0}
    - target: {fileID: 5515308521299535462, guid: 8239595d9a9134f79ad62b42abfb81a5,
        type: 3}
      propertyPath: m_AnchorMin.x
      value: 0
      objectReference: {fileID: 0}
    - target: {fileID: 5515308521299535462, guid: 8239595d9a9134f79ad62b42abfb81a5,
        type: 3}
      propertyPath: m_AnchorMin.y
      value: 0
      objectReference: {fileID: 0}
    - target: {fileID: 5515308521299535462, guid: 8239595d9a9134f79ad62b42abfb81a5,
        type: 3}
      propertyPath: m_AnchorMax.x
      value: 0
      objectReference: {fileID: 0}
    - target: {fileID: 5515308521299535462, guid: 8239595d9a9134f79ad62b42abfb81a5,
        type: 3}
      propertyPath: m_AnchorMax.y
      value: 0
      objectReference: {fileID: 0}
    - target: {fileID: 5515308521299535462, guid: 8239595d9a9134f79ad62b42abfb81a5,
        type: 3}
      propertyPath: m_Pivot.x
      value: 0
      objectReference: {fileID: 0}
    - target: {fileID: 5515308521299535462, guid: 8239595d9a9134f79ad62b42abfb81a5,
        type: 3}
      propertyPath: m_Pivot.y
      value: 0
      objectReference: {fileID: 0}
    m_RemovedComponents: []
  m_SourcePrefab: {fileID: 100100000, guid: 8239595d9a9134f79ad62b42abfb81a5, type: 3}
--- !u!224 &5367259784550151471 stripped
RectTransform:
  m_CorrespondingSourceObject: {fileID: 5515308521299535462, guid: 8239595d9a9134f79ad62b42abfb81a5,
    type: 3}
  m_PrefabInstance: {fileID: 501616681159201609}
  m_PrefabAsset: {fileID: 0}
--- !u!1001 &1653277112370917341
PrefabInstance:
  m_ObjectHideFlags: 0
  serializedVersion: 2
  m_Modification:
    m_TransformParent: {fileID: 9014476618101517037}
    m_Modifications:
    - target: {fileID: 7775540070483985161, guid: d1a40662a5f104e219ade565fc7dc061,
        type: 3}
      propertyPath: m_Name
      value: ChangeOrientation
      objectReference: {fileID: 0}
    - target: {fileID: 7775540070483985173, guid: d1a40662a5f104e219ade565fc7dc061,
        type: 3}
      propertyPath: m_LocalPosition.x
      value: 0
      objectReference: {fileID: 0}
    - target: {fileID: 7775540070483985173, guid: d1a40662a5f104e219ade565fc7dc061,
        type: 3}
      propertyPath: m_LocalPosition.y
      value: 0
      objectReference: {fileID: 0}
    - target: {fileID: 7775540070483985173, guid: d1a40662a5f104e219ade565fc7dc061,
        type: 3}
      propertyPath: m_LocalPosition.z
      value: 0
      objectReference: {fileID: 0}
    - target: {fileID: 7775540070483985173, guid: d1a40662a5f104e219ade565fc7dc061,
        type: 3}
      propertyPath: m_LocalRotation.x
      value: 0
      objectReference: {fileID: 0}
    - target: {fileID: 7775540070483985173, guid: d1a40662a5f104e219ade565fc7dc061,
        type: 3}
      propertyPath: m_LocalRotation.y
      value: 0
      objectReference: {fileID: 0}
    - target: {fileID: 7775540070483985173, guid: d1a40662a5f104e219ade565fc7dc061,
        type: 3}
      propertyPath: m_LocalRotation.z
      value: 0
      objectReference: {fileID: 0}
    - target: {fileID: 7775540070483985173, guid: d1a40662a5f104e219ade565fc7dc061,
        type: 3}
      propertyPath: m_LocalRotation.w
      value: 1
      objectReference: {fileID: 0}
    - target: {fileID: 7775540070483985173, guid: d1a40662a5f104e219ade565fc7dc061,
        type: 3}
      propertyPath: m_RootOrder
      value: 0
      objectReference: {fileID: 0}
    - target: {fileID: 7775540070483985173, guid: d1a40662a5f104e219ade565fc7dc061,
        type: 3}
      propertyPath: m_LocalEulerAnglesHint.x
      value: 0
      objectReference: {fileID: 0}
    - target: {fileID: 7775540070483985173, guid: d1a40662a5f104e219ade565fc7dc061,
        type: 3}
      propertyPath: m_LocalEulerAnglesHint.y
      value: 0
      objectReference: {fileID: 0}
    - target: {fileID: 7775540070483985173, guid: d1a40662a5f104e219ade565fc7dc061,
        type: 3}
      propertyPath: m_LocalEulerAnglesHint.z
      value: 0
      objectReference: {fileID: 0}
    - target: {fileID: 7775540070483985173, guid: d1a40662a5f104e219ade565fc7dc061,
        type: 3}
      propertyPath: m_AnchoredPosition.x
      value: 0
      objectReference: {fileID: 0}
    - target: {fileID: 7775540070483985173, guid: d1a40662a5f104e219ade565fc7dc061,
        type: 3}
      propertyPath: m_AnchoredPosition.y
      value: 0
      objectReference: {fileID: 0}
    - target: {fileID: 7775540070483985173, guid: d1a40662a5f104e219ade565fc7dc061,
        type: 3}
      propertyPath: m_SizeDelta.x
      value: 0
      objectReference: {fileID: 0}
    - target: {fileID: 7775540070483985173, guid: d1a40662a5f104e219ade565fc7dc061,
        type: 3}
      propertyPath: m_SizeDelta.y
      value: 0
      objectReference: {fileID: 0}
    - target: {fileID: 7775540070483985173, guid: d1a40662a5f104e219ade565fc7dc061,
        type: 3}
      propertyPath: m_AnchorMin.x
      value: 0
      objectReference: {fileID: 0}
    - target: {fileID: 7775540070483985173, guid: d1a40662a5f104e219ade565fc7dc061,
        type: 3}
      propertyPath: m_AnchorMin.y
      value: 0
      objectReference: {fileID: 0}
    - target: {fileID: 7775540070483985173, guid: d1a40662a5f104e219ade565fc7dc061,
        type: 3}
      propertyPath: m_AnchorMax.x
      value: 0
      objectReference: {fileID: 0}
    - target: {fileID: 7775540070483985173, guid: d1a40662a5f104e219ade565fc7dc061,
        type: 3}
      propertyPath: m_AnchorMax.y
      value: 0
      objectReference: {fileID: 0}
    - target: {fileID: 7775540070483985173, guid: d1a40662a5f104e219ade565fc7dc061,
        type: 3}
      propertyPath: m_Pivot.x
      value: 0
      objectReference: {fileID: 0}
    - target: {fileID: 7775540070483985173, guid: d1a40662a5f104e219ade565fc7dc061,
        type: 3}
      propertyPath: m_Pivot.y
      value: 0
      objectReference: {fileID: 0}
    m_RemovedComponents: []
  m_SourcePrefab: {fileID: 100100000, guid: d1a40662a5f104e219ade565fc7dc061, type: 3}
--- !u!224 &9014476619009846472 stripped
RectTransform:
  m_CorrespondingSourceObject: {fileID: 7775540070483985173, guid: d1a40662a5f104e219ade565fc7dc061,
    type: 3}
  m_PrefabInstance: {fileID: 1653277112370917341}
  m_PrefabAsset: {fileID: 0}
--- !u!1001 &3171551320000521797
PrefabInstance:
  m_ObjectHideFlags: 0
  serializedVersion: 2
  m_Modification:
    m_TransformParent: {fileID: 9014476618101517037}
    m_Modifications:
    - target: {fileID: 5844062246881273902, guid: 8a1278702c2924b07930ebf76767cd87,
        type: 3}
      propertyPath: m_LocalPosition.x
      value: 0
      objectReference: {fileID: 0}
    - target: {fileID: 5844062246881273902, guid: 8a1278702c2924b07930ebf76767cd87,
        type: 3}
      propertyPath: m_LocalPosition.y
      value: 0
      objectReference: {fileID: 0}
    - target: {fileID: 5844062246881273902, guid: 8a1278702c2924b07930ebf76767cd87,
        type: 3}
      propertyPath: m_LocalPosition.z
      value: 0
      objectReference: {fileID: 0}
    - target: {fileID: 5844062246881273902, guid: 8a1278702c2924b07930ebf76767cd87,
        type: 3}
      propertyPath: m_LocalRotation.x
      value: 0
      objectReference: {fileID: 0}
    - target: {fileID: 5844062246881273902, guid: 8a1278702c2924b07930ebf76767cd87,
        type: 3}
      propertyPath: m_LocalRotation.y
      value: 0
      objectReference: {fileID: 0}
    - target: {fileID: 5844062246881273902, guid: 8a1278702c2924b07930ebf76767cd87,
        type: 3}
      propertyPath: m_LocalRotation.z
      value: 0
      objectReference: {fileID: 0}
    - target: {fileID: 5844062246881273902, guid: 8a1278702c2924b07930ebf76767cd87,
        type: 3}
      propertyPath: m_LocalRotation.w
      value: 1
      objectReference: {fileID: 0}
    - target: {fileID: 5844062246881273902, guid: 8a1278702c2924b07930ebf76767cd87,
        type: 3}
      propertyPath: m_RootOrder
      value: 1
      objectReference: {fileID: 0}
    - target: {fileID: 5844062246881273902, guid: 8a1278702c2924b07930ebf76767cd87,
        type: 3}
      propertyPath: m_LocalEulerAnglesHint.x
      value: 0
      objectReference: {fileID: 0}
    - target: {fileID: 5844062246881273902, guid: 8a1278702c2924b07930ebf76767cd87,
        type: 3}
      propertyPath: m_LocalEulerAnglesHint.y
      value: 0
      objectReference: {fileID: 0}
    - target: {fileID: 5844062246881273902, guid: 8a1278702c2924b07930ebf76767cd87,
        type: 3}
      propertyPath: m_LocalEulerAnglesHint.z
      value: 0
      objectReference: {fileID: 0}
    - target: {fileID: 5844062246881273902, guid: 8a1278702c2924b07930ebf76767cd87,
        type: 3}
      propertyPath: m_AnchoredPosition.x
      value: 0
      objectReference: {fileID: 0}
    - target: {fileID: 5844062246881273902, guid: 8a1278702c2924b07930ebf76767cd87,
        type: 3}
      propertyPath: m_AnchoredPosition.y
      value: 0
      objectReference: {fileID: 0}
    - target: {fileID: 5844062246881273902, guid: 8a1278702c2924b07930ebf76767cd87,
        type: 3}
      propertyPath: m_SizeDelta.x
      value: 0
      objectReference: {fileID: 0}
    - target: {fileID: 5844062246881273902, guid: 8a1278702c2924b07930ebf76767cd87,
        type: 3}
      propertyPath: m_SizeDelta.y
      value: 0
      objectReference: {fileID: 0}
    - target: {fileID: 5844062246881273902, guid: 8a1278702c2924b07930ebf76767cd87,
        type: 3}
      propertyPath: m_AnchorMin.x
      value: 0
      objectReference: {fileID: 0}
    - target: {fileID: 5844062246881273902, guid: 8a1278702c2924b07930ebf76767cd87,
        type: 3}
      propertyPath: m_AnchorMin.y
      value: 0
      objectReference: {fileID: 0}
    - target: {fileID: 5844062246881273902, guid: 8a1278702c2924b07930ebf76767cd87,
        type: 3}
      propertyPath: m_AnchorMax.x
      value: 0
      objectReference: {fileID: 0}
    - target: {fileID: 5844062246881273902, guid: 8a1278702c2924b07930ebf76767cd87,
        type: 3}
      propertyPath: m_AnchorMax.y
      value: 0
      objectReference: {fileID: 0}
    - target: {fileID: 5844062246881273902, guid: 8a1278702c2924b07930ebf76767cd87,
        type: 3}
      propertyPath: m_Pivot.x
      value: 0
      objectReference: {fileID: 0}
    - target: {fileID: 5844062246881273902, guid: 8a1278702c2924b07930ebf76767cd87,
        type: 3}
      propertyPath: m_Pivot.y
      value: 0
      objectReference: {fileID: 0}
    - target: {fileID: 5844062246881273903, guid: 8a1278702c2924b07930ebf76767cd87,
        type: 3}
      propertyPath: m_Name
      value: ScanTheMarker
      objectReference: {fileID: 0}
    m_RemovedComponents: []
  m_SourcePrefab: {fileID: 100100000, guid: 8a1278702c2924b07930ebf76767cd87, type: 3}
--- !u!224 &9014476618490203755 stripped
RectTransform:
  m_CorrespondingSourceObject: {fileID: 5844062246881273902, guid: 8a1278702c2924b07930ebf76767cd87,
    type: 3}
  m_PrefabInstance: {fileID: 3171551320000521797}
  m_PrefabAsset: {fileID: 0}
--- !u!1001 &3305761587849287282
PrefabInstance:
  m_ObjectHideFlags: 0
  serializedVersion: 2
  m_Modification:
    m_TransformParent: {fileID: 9014476618101517037}
    m_Modifications:
    - target: {fileID: 3305761588812737547, guid: ab2945c0ec0e14245bd110441b000863,
        type: 3}
      propertyPath: m_Name
      value: MainMenu
      objectReference: {fileID: 0}
    - target: {fileID: 3305761588812737548, guid: ab2945c0ec0e14245bd110441b000863,
        type: 3}
      propertyPath: m_LocalPosition.x
      value: 0
      objectReference: {fileID: 0}
    - target: {fileID: 3305761588812737548, guid: ab2945c0ec0e14245bd110441b000863,
        type: 3}
      propertyPath: m_LocalPosition.y
      value: 0
      objectReference: {fileID: 0}
    - target: {fileID: 3305761588812737548, guid: ab2945c0ec0e14245bd110441b000863,
        type: 3}
      propertyPath: m_LocalPosition.z
      value: 0
      objectReference: {fileID: 0}
    - target: {fileID: 3305761588812737548, guid: ab2945c0ec0e14245bd110441b000863,
        type: 3}
      propertyPath: m_LocalRotation.x
      value: 0
      objectReference: {fileID: 0}
    - target: {fileID: 3305761588812737548, guid: ab2945c0ec0e14245bd110441b000863,
        type: 3}
      propertyPath: m_LocalRotation.y
      value: 0
      objectReference: {fileID: 0}
    - target: {fileID: 3305761588812737548, guid: ab2945c0ec0e14245bd110441b000863,
        type: 3}
      propertyPath: m_LocalRotation.z
      value: 0
      objectReference: {fileID: 0}
    - target: {fileID: 3305761588812737548, guid: ab2945c0ec0e14245bd110441b000863,
        type: 3}
      propertyPath: m_LocalRotation.w
      value: 1
      objectReference: {fileID: 0}
    - target: {fileID: 3305761588812737548, guid: ab2945c0ec0e14245bd110441b000863,
        type: 3}
      propertyPath: m_RootOrder
      value: 2
      objectReference: {fileID: 0}
    - target: {fileID: 3305761588812737548, guid: ab2945c0ec0e14245bd110441b000863,
        type: 3}
      propertyPath: m_LocalEulerAnglesHint.x
      value: 0
      objectReference: {fileID: 0}
    - target: {fileID: 3305761588812737548, guid: ab2945c0ec0e14245bd110441b000863,
        type: 3}
      propertyPath: m_LocalEulerAnglesHint.y
      value: 0
      objectReference: {fileID: 0}
    - target: {fileID: 3305761588812737548, guid: ab2945c0ec0e14245bd110441b000863,
        type: 3}
      propertyPath: m_LocalEulerAnglesHint.z
      value: 0
      objectReference: {fileID: 0}
    - target: {fileID: 3305761588812737548, guid: ab2945c0ec0e14245bd110441b000863,
        type: 3}
      propertyPath: m_AnchoredPosition.x
      value: 0
      objectReference: {fileID: 0}
    - target: {fileID: 3305761588812737548, guid: ab2945c0ec0e14245bd110441b000863,
        type: 3}
      propertyPath: m_AnchoredPosition.y
      value: 0
      objectReference: {fileID: 0}
    - target: {fileID: 3305761588812737548, guid: ab2945c0ec0e14245bd110441b000863,
        type: 3}
      propertyPath: m_SizeDelta.x
      value: 0
      objectReference: {fileID: 0}
    - target: {fileID: 3305761588812737548, guid: ab2945c0ec0e14245bd110441b000863,
        type: 3}
      propertyPath: m_SizeDelta.y
      value: 0
      objectReference: {fileID: 0}
    - target: {fileID: 3305761588812737548, guid: ab2945c0ec0e14245bd110441b000863,
        type: 3}
      propertyPath: m_AnchorMin.x
      value: 0
      objectReference: {fileID: 0}
    - target: {fileID: 3305761588812737548, guid: ab2945c0ec0e14245bd110441b000863,
        type: 3}
      propertyPath: m_AnchorMin.y
      value: 0
      objectReference: {fileID: 0}
    - target: {fileID: 3305761588812737548, guid: ab2945c0ec0e14245bd110441b000863,
        type: 3}
      propertyPath: m_AnchorMax.x
      value: 0
      objectReference: {fileID: 0}
    - target: {fileID: 3305761588812737548, guid: ab2945c0ec0e14245bd110441b000863,
        type: 3}
      propertyPath: m_AnchorMax.y
      value: 0
      objectReference: {fileID: 0}
    - target: {fileID: 3305761588812737548, guid: ab2945c0ec0e14245bd110441b000863,
        type: 3}
      propertyPath: m_Pivot.x
      value: 0
      objectReference: {fileID: 0}
    - target: {fileID: 3305761588812737548, guid: ab2945c0ec0e14245bd110441b000863,
        type: 3}
      propertyPath: m_Pivot.y
      value: 0
      objectReference: {fileID: 0}
    m_RemovedComponents: []
  m_SourcePrefab: {fileID: 100100000, guid: ab2945c0ec0e14245bd110441b000863, type: 3}
--- !u!224 &1051933310 stripped
RectTransform:
  m_CorrespondingSourceObject: {fileID: 3305761588812737548, guid: ab2945c0ec0e14245bd110441b000863,
    type: 3}
  m_PrefabInstance: {fileID: 3305761587849287282}
  m_PrefabAsset: {fileID: 0}
--- !u!1001 &4464155169620471229
PrefabInstance:
  m_ObjectHideFlags: 0
  serializedVersion: 2
  m_Modification:
    m_TransformParent: {fileID: 9014476618101517037}
    m_Modifications:
    - target: {fileID: 7150259334418000754, guid: a4e995b7b255d4542a387674940b3b03,
        type: 3}
      propertyPath: m_Name
      value: BatteryInfo
      objectReference: {fileID: 0}
    - target: {fileID: 7150259334418000757, guid: a4e995b7b255d4542a387674940b3b03,
        type: 3}
      propertyPath: m_LocalPosition.x
      value: 0
      objectReference: {fileID: 0}
    - target: {fileID: 7150259334418000757, guid: a4e995b7b255d4542a387674940b3b03,
        type: 3}
      propertyPath: m_LocalPosition.y
      value: 0
      objectReference: {fileID: 0}
    - target: {fileID: 7150259334418000757, guid: a4e995b7b255d4542a387674940b3b03,
        type: 3}
      propertyPath: m_LocalPosition.z
      value: 0
      objectReference: {fileID: 0}
    - target: {fileID: 7150259334418000757, guid: a4e995b7b255d4542a387674940b3b03,
        type: 3}
      propertyPath: m_LocalRotation.x
      value: 0
      objectReference: {fileID: 0}
    - target: {fileID: 7150259334418000757, guid: a4e995b7b255d4542a387674940b3b03,
        type: 3}
      propertyPath: m_LocalRotation.y
      value: 0
      objectReference: {fileID: 0}
    - target: {fileID: 7150259334418000757, guid: a4e995b7b255d4542a387674940b3b03,
        type: 3}
      propertyPath: m_LocalRotation.z
      value: 0
      objectReference: {fileID: 0}
    - target: {fileID: 7150259334418000757, guid: a4e995b7b255d4542a387674940b3b03,
        type: 3}
      propertyPath: m_LocalRotation.w
      value: 1
      objectReference: {fileID: 0}
    - target: {fileID: 7150259334418000757, guid: a4e995b7b255d4542a387674940b3b03,
        type: 3}
      propertyPath: m_RootOrder
      value: 5
      objectReference: {fileID: 0}
    - target: {fileID: 7150259334418000757, guid: a4e995b7b255d4542a387674940b3b03,
        type: 3}
      propertyPath: m_LocalEulerAnglesHint.x
      value: 0
      objectReference: {fileID: 0}
    - target: {fileID: 7150259334418000757, guid: a4e995b7b255d4542a387674940b3b03,
        type: 3}
      propertyPath: m_LocalEulerAnglesHint.y
      value: 0
      objectReference: {fileID: 0}
    - target: {fileID: 7150259334418000757, guid: a4e995b7b255d4542a387674940b3b03,
        type: 3}
      propertyPath: m_LocalEulerAnglesHint.z
      value: 0
      objectReference: {fileID: 0}
    - target: {fileID: 7150259334418000757, guid: a4e995b7b255d4542a387674940b3b03,
        type: 3}
      propertyPath: m_AnchoredPosition.x
      value: 0
      objectReference: {fileID: 0}
    - target: {fileID: 7150259334418000757, guid: a4e995b7b255d4542a387674940b3b03,
        type: 3}
      propertyPath: m_AnchoredPosition.y
      value: 0
      objectReference: {fileID: 0}
    - target: {fileID: 7150259334418000757, guid: a4e995b7b255d4542a387674940b3b03,
        type: 3}
      propertyPath: m_SizeDelta.x
      value: 0
      objectReference: {fileID: 0}
    - target: {fileID: 7150259334418000757, guid: a4e995b7b255d4542a387674940b3b03,
        type: 3}
      propertyPath: m_SizeDelta.y
      value: 0
      objectReference: {fileID: 0}
    - target: {fileID: 7150259334418000757, guid: a4e995b7b255d4542a387674940b3b03,
        type: 3}
      propertyPath: m_AnchorMin.x
      value: 0
      objectReference: {fileID: 0}
    - target: {fileID: 7150259334418000757, guid: a4e995b7b255d4542a387674940b3b03,
        type: 3}
      propertyPath: m_AnchorMin.y
      value: 0
      objectReference: {fileID: 0}
    - target: {fileID: 7150259334418000757, guid: a4e995b7b255d4542a387674940b3b03,
        type: 3}
      propertyPath: m_AnchorMax.x
      value: 0
      objectReference: {fileID: 0}
    - target: {fileID: 7150259334418000757, guid: a4e995b7b255d4542a387674940b3b03,
        type: 3}
      propertyPath: m_AnchorMax.y
      value: 0
      objectReference: {fileID: 0}
    - target: {fileID: 7150259334418000757, guid: a4e995b7b255d4542a387674940b3b03,
        type: 3}
      propertyPath: m_Pivot.x
      value: 0
      objectReference: {fileID: 0}
    - target: {fileID: 7150259334418000757, guid: a4e995b7b255d4542a387674940b3b03,
        type: 3}
      propertyPath: m_Pivot.y
      value: 0
      objectReference: {fileID: 0}
    m_RemovedComponents: []
  m_SourcePrefab: {fileID: 100100000, guid: a4e995b7b255d4542a387674940b3b03, type: 3}
--- !u!224 &6830007363531196104 stripped
RectTransform:
  m_CorrespondingSourceObject: {fileID: 7150259334418000757, guid: a4e995b7b255d4542a387674940b3b03,
    type: 3}
  m_PrefabInstance: {fileID: 4464155169620471229}
  m_PrefabAsset: {fileID: 0}
--- !u!1001 &5367259785415238303
PrefabInstance:
  m_ObjectHideFlags: 0
  serializedVersion: 2
  m_Modification:
    m_TransformParent: {fileID: 9014476618101517037}
    m_Modifications:
    - target: {fileID: 5367259784384822081, guid: 39e12e7128bd047e3997e16c4e7dfba6,
        type: 3}
      propertyPath: m_LocalPosition.x
      value: 0
      objectReference: {fileID: 0}
    - target: {fileID: 5367259784384822081, guid: 39e12e7128bd047e3997e16c4e7dfba6,
        type: 3}
      propertyPath: m_LocalPosition.y
      value: 0
      objectReference: {fileID: 0}
    - target: {fileID: 5367259784384822081, guid: 39e12e7128bd047e3997e16c4e7dfba6,
        type: 3}
      propertyPath: m_LocalPosition.z
      value: 0
      objectReference: {fileID: 0}
    - target: {fileID: 5367259784384822081, guid: 39e12e7128bd047e3997e16c4e7dfba6,
        type: 3}
      propertyPath: m_LocalRotation.x
      value: 0
      objectReference: {fileID: 0}
    - target: {fileID: 5367259784384822081, guid: 39e12e7128bd047e3997e16c4e7dfba6,
        type: 3}
      propertyPath: m_LocalRotation.y
      value: 0
      objectReference: {fileID: 0}
    - target: {fileID: 5367259784384822081, guid: 39e12e7128bd047e3997e16c4e7dfba6,
        type: 3}
      propertyPath: m_LocalRotation.z
      value: 0
      objectReference: {fileID: 0}
    - target: {fileID: 5367259784384822081, guid: 39e12e7128bd047e3997e16c4e7dfba6,
        type: 3}
      propertyPath: m_LocalRotation.w
      value: 1
      objectReference: {fileID: 0}
    - target: {fileID: 5367259784384822081, guid: 39e12e7128bd047e3997e16c4e7dfba6,
        type: 3}
      propertyPath: m_RootOrder
      value: 4
      objectReference: {fileID: 0}
    - target: {fileID: 5367259784384822081, guid: 39e12e7128bd047e3997e16c4e7dfba6,
        type: 3}
      propertyPath: m_LocalEulerAnglesHint.x
      value: 0
      objectReference: {fileID: 0}
    - target: {fileID: 5367259784384822081, guid: 39e12e7128bd047e3997e16c4e7dfba6,
        type: 3}
      propertyPath: m_LocalEulerAnglesHint.y
      value: 0
      objectReference: {fileID: 0}
    - target: {fileID: 5367259784384822081, guid: 39e12e7128bd047e3997e16c4e7dfba6,
        type: 3}
      propertyPath: m_LocalEulerAnglesHint.z
      value: 0
      objectReference: {fileID: 0}
    - target: {fileID: 5367259784384822081, guid: 39e12e7128bd047e3997e16c4e7dfba6,
        type: 3}
      propertyPath: m_AnchoredPosition.x
      value: 0
      objectReference: {fileID: 0}
    - target: {fileID: 5367259784384822081, guid: 39e12e7128bd047e3997e16c4e7dfba6,
        type: 3}
      propertyPath: m_AnchoredPosition.y
      value: 0
      objectReference: {fileID: 0}
    - target: {fileID: 5367259784384822081, guid: 39e12e7128bd047e3997e16c4e7dfba6,
        type: 3}
      propertyPath: m_SizeDelta.x
      value: 0
      objectReference: {fileID: 0}
    - target: {fileID: 5367259784384822081, guid: 39e12e7128bd047e3997e16c4e7dfba6,
        type: 3}
      propertyPath: m_SizeDelta.y
      value: 0
      objectReference: {fileID: 0}
    - target: {fileID: 5367259784384822081, guid: 39e12e7128bd047e3997e16c4e7dfba6,
        type: 3}
      propertyPath: m_AnchorMin.x
      value: 0
      objectReference: {fileID: 0}
    - target: {fileID: 5367259784384822081, guid: 39e12e7128bd047e3997e16c4e7dfba6,
        type: 3}
      propertyPath: m_AnchorMin.y
      value: 0
      objectReference: {fileID: 0}
    - target: {fileID: 5367259784384822081, guid: 39e12e7128bd047e3997e16c4e7dfba6,
        type: 3}
      propertyPath: m_AnchorMax.x
      value: 0
      objectReference: {fileID: 0}
    - target: {fileID: 5367259784384822081, guid: 39e12e7128bd047e3997e16c4e7dfba6,
        type: 3}
      propertyPath: m_AnchorMax.y
      value: 0
      objectReference: {fileID: 0}
    - target: {fileID: 5367259784384822081, guid: 39e12e7128bd047e3997e16c4e7dfba6,
        type: 3}
      propertyPath: m_Pivot.x
      value: 0
      objectReference: {fileID: 0}
    - target: {fileID: 5367259784384822081, guid: 39e12e7128bd047e3997e16c4e7dfba6,
        type: 3}
      propertyPath: m_Pivot.y
      value: 0
      objectReference: {fileID: 0}
    - target: {fileID: 5367259784384822086, guid: 39e12e7128bd047e3997e16c4e7dfba6,
        type: 3}
      propertyPath: m_Name
      value: View360
      objectReference: {fileID: 0}
    m_RemovedComponents: []
  m_SourcePrefab: {fileID: 100100000, guid: 39e12e7128bd047e3997e16c4e7dfba6, type: 3}
--- !u!224 &1066736094 stripped
RectTransform:
  m_CorrespondingSourceObject: {fileID: 5367259784384822081, guid: 39e12e7128bd047e3997e16c4e7dfba6,
    type: 3}
  m_PrefabInstance: {fileID: 5367259785415238303}
  m_PrefabAsset: {fileID: 0}
--- !u!1001 &7775101821788479769
PrefabInstance:
  m_ObjectHideFlags: 0
  serializedVersion: 2
  m_Modification:
    m_TransformParent: {fileID: 9014476618101517037}
    m_Modifications:
    - target: {fileID: 7775101821857785877, guid: f8da91cc7c90045ff9d32ec0b1b6a24b,
        type: 3}
      propertyPath: m_LocalPosition.x
      value: 0
      objectReference: {fileID: 0}
    - target: {fileID: 7775101821857785877, guid: f8da91cc7c90045ff9d32ec0b1b6a24b,
        type: 3}
      propertyPath: m_LocalPosition.y
      value: 0
      objectReference: {fileID: 0}
    - target: {fileID: 7775101821857785877, guid: f8da91cc7c90045ff9d32ec0b1b6a24b,
        type: 3}
      propertyPath: m_LocalPosition.z
      value: 0
      objectReference: {fileID: 0}
    - target: {fileID: 7775101821857785877, guid: f8da91cc7c90045ff9d32ec0b1b6a24b,
        type: 3}
      propertyPath: m_LocalRotation.x
      value: 0
      objectReference: {fileID: 0}
    - target: {fileID: 7775101821857785877, guid: f8da91cc7c90045ff9d32ec0b1b6a24b,
        type: 3}
      propertyPath: m_LocalRotation.y
      value: 0
      objectReference: {fileID: 0}
    - target: {fileID: 7775101821857785877, guid: f8da91cc7c90045ff9d32ec0b1b6a24b,
        type: 3}
      propertyPath: m_LocalRotation.z
      value: 0
      objectReference: {fileID: 0}
    - target: {fileID: 7775101821857785877, guid: f8da91cc7c90045ff9d32ec0b1b6a24b,
        type: 3}
      propertyPath: m_LocalRotation.w
      value: 1
      objectReference: {fileID: 0}
    - target: {fileID: 7775101821857785877, guid: f8da91cc7c90045ff9d32ec0b1b6a24b,
        type: 3}
      propertyPath: m_RootOrder
      value: 3
      objectReference: {fileID: 0}
    - target: {fileID: 7775101821857785877, guid: f8da91cc7c90045ff9d32ec0b1b6a24b,
        type: 3}
      propertyPath: m_LocalEulerAnglesHint.x
      value: 0
      objectReference: {fileID: 0}
    - target: {fileID: 7775101821857785877, guid: f8da91cc7c90045ff9d32ec0b1b6a24b,
        type: 3}
      propertyPath: m_LocalEulerAnglesHint.y
      value: 0
      objectReference: {fileID: 0}
    - target: {fileID: 7775101821857785877, guid: f8da91cc7c90045ff9d32ec0b1b6a24b,
        type: 3}
      propertyPath: m_LocalEulerAnglesHint.z
      value: 0
      objectReference: {fileID: 0}
    - target: {fileID: 7775101821857785877, guid: f8da91cc7c90045ff9d32ec0b1b6a24b,
        type: 3}
      propertyPath: m_AnchoredPosition.x
      value: 0
      objectReference: {fileID: 0}
    - target: {fileID: 7775101821857785877, guid: f8da91cc7c90045ff9d32ec0b1b6a24b,
        type: 3}
      propertyPath: m_AnchoredPosition.y
      value: 0
      objectReference: {fileID: 0}
    - target: {fileID: 7775101821857785877, guid: f8da91cc7c90045ff9d32ec0b1b6a24b,
        type: 3}
      propertyPath: m_SizeDelta.x
      value: 0
      objectReference: {fileID: 0}
    - target: {fileID: 7775101821857785877, guid: f8da91cc7c90045ff9d32ec0b1b6a24b,
        type: 3}
      propertyPath: m_SizeDelta.y
      value: 0
      objectReference: {fileID: 0}
    - target: {fileID: 7775101821857785877, guid: f8da91cc7c90045ff9d32ec0b1b6a24b,
        type: 3}
      propertyPath: m_AnchorMin.x
      value: 0
      objectReference: {fileID: 0}
    - target: {fileID: 7775101821857785877, guid: f8da91cc7c90045ff9d32ec0b1b6a24b,
        type: 3}
      propertyPath: m_AnchorMin.y
      value: 0
      objectReference: {fileID: 0}
    - target: {fileID: 7775101821857785877, guid: f8da91cc7c90045ff9d32ec0b1b6a24b,
        type: 3}
      propertyPath: m_AnchorMax.x
      value: 0
      objectReference: {fileID: 0}
    - target: {fileID: 7775101821857785877, guid: f8da91cc7c90045ff9d32ec0b1b6a24b,
        type: 3}
      propertyPath: m_AnchorMax.y
      value: 0
      objectReference: {fileID: 0}
    - target: {fileID: 7775101821857785877, guid: f8da91cc7c90045ff9d32ec0b1b6a24b,
        type: 3}
      propertyPath: m_Pivot.x
      value: 0
      objectReference: {fileID: 0}
    - target: {fileID: 7775101821857785877, guid: f8da91cc7c90045ff9d32ec0b1b6a24b,
        type: 3}
      propertyPath: m_Pivot.y
      value: 0
      objectReference: {fileID: 0}
    - target: {fileID: 7775101821857785878, guid: f8da91cc7c90045ff9d32ec0b1b6a24b,
        type: 3}
      propertyPath: m_Name
      value: IntroAnimation
      objectReference: {fileID: 0}
    m_RemovedComponents: []
  m_SourcePrefab: {fileID: 100100000, guid: f8da91cc7c90045ff9d32ec0b1b6a24b, type: 3}
--- !u!224 &207784204 stripped
RectTransform:
  m_CorrespondingSourceObject: {fileID: 7775101821857785877, guid: f8da91cc7c90045ff9d32ec0b1b6a24b,
    type: 3}
  m_PrefabInstance: {fileID: 7775101821788479769}
  m_PrefabAsset: {fileID: 0}
