%YAML 1.1
%TAG !u! tag:unity3d.com,2011:
--- !u!1 &4700115949853438399
GameObject:
  m_ObjectHideFlags: 0
  m_CorrespondingSourceObject: {fileID: 0}
  m_PrefabInstance: {fileID: 0}
  m_PrefabAsset: {fileID: 0}
  serializedVersion: 6
  m_Component:
  - component: {fileID: 4696181049452282195}
  - component: {fileID: 4659936545711064511}
  - component: {fileID: 4700851748474060526}
  m_Layer: 0
  m_Name: ImageTarget-namecard
  m_TagString: Untagged
  m_Icon: {fileID: 0}
  m_NavMeshLayer: 0
  m_StaticEditorFlags: 0
  m_IsActive: 1
--- !u!4 &4696181049452282195
Transform:
  m_ObjectHideFlags: 0
  m_CorrespondingSourceObject: {fileID: 0}
  m_PrefabInstance: {fileID: 0}
  m_PrefabAsset: {fileID: 0}
  m_GameObject: {fileID: 4700115949853438399}
  m_LocalRotation: {x: 0, y: 0, z: 0, w: 1}
  m_LocalPosition: {x: -0.1, y: 0, z: 0.3}
  m_LocalScale: {x: 1, y: 1, z: 1}
  m_Children:
  - {fileID: 4700851747726584073}
  m_Father: {fileID: 0}
  m_RootOrder: 0
  m_LocalEulerAnglesHint: {x: 0, y: 0, z: 0}
--- !u!114 &4659936545711064511
MonoBehaviour:
  m_ObjectHideFlags: 0
  m_CorrespondingSourceObject: {fileID: 0}
  m_PrefabInstance: {fileID: 0}
  m_PrefabAsset: {fileID: 0}
  m_GameObject: {fileID: 4700115949853438399}
  m_Enabled: 1
  m_EditorHideFlags: 0
  m_Script: {fileID: 11500000, guid: 7f8c7feab99e861479c02aee5b54b004, type: 3}
  m_Name: 
  m_EditorClassIdentifier: 
  ActiveControl: 0
  HorizontalFlip: 0
  SourceType: 0
  ImageFileSource:
    PathType: 1
    Path: trial.jpg
    Name: trial
    Scale: 1
  TargetDataFileSource:
    PathType: 1
    Path: 
  trackerHasSet: 1
  tracker: {fileID: 0}
--- !u!114 &4700851748474060526
MonoBehaviour:
  m_ObjectHideFlags: 0
  m_CorrespondingSourceObject: {fileID: 0}
  m_PrefabInstance: {fileID: 0}
  m_PrefabAsset: {fileID: 0}
  m_GameObject: {fileID: 4700115949853438399}
  m_Enabled: 1
  m_EditorHideFlags: 0
  m_Script: {fileID: 11500000, guid: 9bbe9abe6289548acbd1873a0d2809e6, type: 3}
  m_Name: 
  m_EditorClassIdentifier: 
  laptopModel: {fileID: 3611089566894392666}
--- !u!1001 &2590447632107832975
PrefabInstance:
  m_ObjectHideFlags: 0
  serializedVersion: 2
  m_Modification:
    m_TransformParent: {fileID: 4696181049452282195}
    m_Modifications:
    - target: {fileID: 1292028080865805269, guid: 2dd49ae7f6dd84773af545836cd35c7b,
        type: 3}
      propertyPath: m_IsActive
      value: 0
      objectReference: {fileID: 0}
    - target: {fileID: 2590447632008796110, guid: 2dd49ae7f6dd84773af545836cd35c7b,
        type: 3}
      propertyPath: m_LocalPosition.y
      value: -0.325
      objectReference: {fileID: 0}
    - target: {fileID: 2590447632008796110, guid: 2dd49ae7f6dd84773af545836cd35c7b,
        type: 3}
      propertyPath: m_LocalPosition.z
      value: 0.238
      objectReference: {fileID: 0}
    - target: {fileID: 3465867022855659672, guid: 2dd49ae7f6dd84773af545836cd35c7b,
        type: 3}
      propertyPath: m_Enabled
      value: 0
      objectReference: {fileID: 0}
    - target: {fileID: 4348955296797520785, guid: 2dd49ae7f6dd84773af545836cd35c7b,
        type: 3}
      propertyPath: m_LocalEulerAnglesHint.x
      value: 17.670656
      objectReference: {fileID: 0}
    - target: {fileID: 4348955296797520785, guid: 2dd49ae7f6dd84773af545836cd35c7b,
        type: 3}
      propertyPath: m_LocalEulerAnglesHint.y
      value: -1.3187507
      objectReference: {fileID: 0}
    - target: {fileID: 4348955296797520785, guid: 2dd49ae7f6dd84773af545836cd35c7b,
        type: 3}
      propertyPath: m_LocalEulerAnglesHint.z
      value: -0.40294665
      objectReference: {fileID: 0}
    - target: {fileID: 7120148850065436545, guid: 2dd49ae7f6dd84773af545836cd35c7b,
        type: 3}
      propertyPath: m_Name
      value: target
      objectReference: {fileID: 0}
    - target: {fileID: 7120148850065436550, guid: 2dd49ae7f6dd84773af545836cd35c7b,
        type: 3}
      propertyPath: m_LocalPosition.x
      value: 0
      objectReference: {fileID: 0}
    - target: {fileID: 7120148850065436550, guid: 2dd49ae7f6dd84773af545836cd35c7b,
        type: 3}
      propertyPath: m_LocalPosition.y
      value: 0
      objectReference: {fileID: 0}
    - target: {fileID: 7120148850065436550, guid: 2dd49ae7f6dd84773af545836cd35c7b,
        type: 3}
      propertyPath: m_LocalPosition.z
      value: 0
      objectReference: {fileID: 0}
    - target: {fileID: 7120148850065436550, guid: 2dd49ae7f6dd84773af545836cd35c7b,
        type: 3}
      propertyPath: m_LocalRotation.x
      value: 0
      objectReference: {fileID: 0}
    - target: {fileID: 7120148850065436550, guid: 2dd49ae7f6dd84773af545836cd35c7b,
        type: 3}
      propertyPath: m_LocalRotation.y
      value: -0.7071068
      objectReference: {fileID: 0}
    - target: {fileID: 7120148850065436550, guid: 2dd49ae7f6dd84773af545836cd35c7b,
        type: 3}
      propertyPath: m_LocalRotation.z
      value: 0.7071068
      objectReference: {fileID: 0}
    - target: {fileID: 7120148850065436550, guid: 2dd49ae7f6dd84773af545836cd35c7b,
        type: 3}
      propertyPath: m_LocalRotation.w
      value: 0
      objectReference: {fileID: 0}
    - target: {fileID: 7120148850065436550, guid: 2dd49ae7f6dd84773af545836cd35c7b,
        type: 3}
      propertyPath: m_RootOrder
      value: 0
      objectReference: {fileID: 0}
    - target: {fileID: 7120148850065436550, guid: 2dd49ae7f6dd84773af545836cd35c7b,
        type: 3}
      propertyPath: m_LocalEulerAnglesHint.x
      value: 90
      objectReference: {fileID: 0}
    - target: {fileID: 7120148850065436550, guid: 2dd49ae7f6dd84773af545836cd35c7b,
        type: 3}
      propertyPath: m_LocalEulerAnglesHint.y
      value: 0
      objectReference: {fileID: 0}
    - target: {fileID: 7120148850065436550, guid: 2dd49ae7f6dd84773af545836cd35c7b,
        type: 3}
      propertyPath: m_LocalEulerAnglesHint.z
      value: 180
      objectReference: {fileID: 0}
    - target: {fileID: 7986908446983093914, guid: 2dd49ae7f6dd84773af545836cd35c7b,
        type: 3}
      propertyPath: m_LocalEulerAnglesHint.x
      value: 42.483932
      objectReference: {fileID: 0}
    m_RemovedComponents: []
  m_SourcePrefab: {fileID: 100100000, guid: 2dd49ae7f6dd84773af545836cd35c7b, type: 3}
--- !u!4 &4700851747726584073 stripped
Transform:
  m_CorrespondingSourceObject: {fileID: 7120148850065436550, guid: 2dd49ae7f6dd84773af545836cd35c7b,
    type: 3}
  m_PrefabInstance: {fileID: 2590447632107832975}
  m_PrefabAsset: {fileID: 0}
--- !u!1 &3611089566894392666 stripped
GameObject:
  m_CorrespondingSourceObject: {fileID: 1292028080865805269, guid: 2dd49ae7f6dd84773af545836cd35c7b,
    type: 3}
  m_PrefabInstance: {fileID: 2590447632107832975}
  m_PrefabAsset: {fileID: 0}
